@INPROCEEDINGS{Hellerstein95generalizedsearch,
    author = {Joseph M. Hellerstein and Jeffrey F. Naughton and Avi Pfeffer},
    title = {Generalized Search Trees for Database Systems},
    booktitle = {IN PROC. 21 ST INTERNATIONAL CONFERENCE ON VLDB},
    year = {1995},
    pages = {562--573},
    publisher = {}
}
